
@ARTICLE{HLW06,
  title    = "Expander graphs and their applications",
  author   = "Hoory, Shlomo and Linial, Nathan and Wigderson, Avi",
  journal  = "Bull. Am. Math. Soc.",
  volume   =  43,
  number   =  4,
  pages    = "439--561",
  year     =  2006,
  language = "en",
  issn     = "0273-0979, 1088-9485",
  doi      = "10.1090/S0273-0979-06-01126-8"
},
@BOOK{LP17,
  title     = "Markov Chains and Mixing Times",
  author    = "Levin, David and Peres, Yuval",
  publisher = "American Mathematical Society",
  edition   = "2nd",
  month     =  oct,
  year      =  2017,
  address   = "Providence, Rhode Island",
  isbn      = "9781470429621",
  doi       = "10.1090/mbk/107"
}
